@book{kaldellis_2010,
	title={Stand-alone and hybrid wind energy systems: technology, energy storage and applications},
	author={Kaldellis, John K},
	year={2010},
	publisher={Elsevier}
}

@book{haykin2009,
	title={Neural networks and learning machines},
	author={Haykin, Simon S and others},
	year={2009},
	publisher={New York: Prentice Hall,}
}

@article{manwell2006hybrid2,
	title={Hybrid2--a hybrid system simulation model--theory manual},
	author={Manwell, JF and Rogers, A and Hayman, G and Avelar, CT and McGowan, JG and Abdulwahid, U and Wu, K},
	journal={Renewable Energy Research Laboratory, University of Massachusetts},
	year={2006},
	publisher={Citeseer}
}

@misc{nasa:earth,
	title="{NASA-NOAA Satellite Reveals New Views of Earth at Night}",
	author="{NASA}",
	year=2012,
	howpublished="\url{https://www.nasa.gov/mission_pages/NPP/news/earth-at-night.html}",
	note="Online; acessado 2021-07-19"
}

@misc{inpe:sonda,
	title="{Sistema de Organização Nacional de Dados Ambientais - Estação Petrolina}",
	author="{Instituto Nacional de Pesquisas Espaciais}",
	shortauthor="{INPE}",
	year=2021,
	howpublished="\url{http://sonda.ccst.inpe.br/basedados/petrolina.html}",
	note="Online; acessado 2021-07-19"
}

@misc{aneel:ren482,
	title="{Resolução Normativa 482}",
	author="{Agência Nacional De Energia Elétrica}",
	shortauthor="{ANEEL}",
	year=2012,
	howpublished="\url{https://www2.aneel.gov.br/cedoc/bren2012482.pdf}",
	note="Online; acessado 1-Abril-2021"
}

@misc{homermanual,
	title="{HOMER Pro 3.14 User Manual}",
	year={2021},
	author="{HOMER Energy by UL}",
	howpublished="\url{https://www.homerenergy.com/products/pro/docs/latest/index.html}",
	note="Online; acessado 3-Agosto-2021"
}

@misc{ons:iso,
	title="{Sobre o SIN - Sistemas Isolados}",
	year={2017},
	author="{Operador Nacional do Sistema Elétrico}",
	shortauthor="{ONS}",
	howpublished="\url{http://www.ons.org.br/paginas/sobre-o-sin/sistemas-isolados}",
	note="Online; acessado 31-Janeiro-2021"
}

@misc{epe:ben2020,
	title="{Balanço {E}nergético {N}acional 2020}",
	author="{Empresa de Pesquisa Energética}",
	shortauthor="{EPE}",
	howpublished="\url{https://epe.gov.br/sites-pt/publicacoes-dados-abertos/publicacoes/PublicacoesArquivos/publicacao-479/topico-528/BEN2020_sp.pdf}",
	note="Online; acessado 31-Janeiro-2021",
	year={2020}
}

@techreport{irena:sdg7,
	title="Tracking SDG 7: The Energy Progress Report",
	author="IEA and IRENA and UNSD and {World Bank} and WHO",
	institution="International Renewable Energy Agency",
	address="abu Dhabi",
	publisher={World Bank, Washington, DC},
	year=2020
}

@article{Liu_2018,
	doi={10.1016/j.enconman.2017.11.053},
	url={https://doi.org/10.1016/j.enconman.2017.11.053},
	year=2018,
	month={1},
	publisher={Elsevier {BV}},
	volume={156},
	pages={498--514},
	author={Hui Liu and Xi-wei Mi and Yan-fei Li},
	title={Wind speed forecasting method based on deep learning strategy using empirical wavelet transform, long short term memory neural network and Elman neural network},
	journal={Energy Conversion and Management}
}

@article{elsheikh2019modeling,
	title={Modeling of solar energy systems using artificial neural network: A comprehensive review},
	author={Elsheikh, Ammar H and Sharshir, Swellam W and Abd Elaziz, Mohamed and Kabeel, AE and Guilan, Wang and Haiou, Zhang},
	journal={Solar Energy},
	volume={180},
	pages={622--639},
	year={2019},
	publisher={Elsevier}
}

@article{Nema_2009,
	doi={10.1016/j.rser.2008.10.006},
	url={https://doi.org/10.1016/j.rser.2008.10.006},
	year=2009,
	month={11},
	publisher={Elsevier {BV}},
	volume={13},
	number={8},
	pages={2096--2103},
	author={Pragya Nema and R.K. Nema and Saroj Rangnekar},
	title={A current and future state of art development of hybrid energy system using wind and {PV}-solar: A review},
	journal={Renewable and Sustainable Energy Reviews}
}

@article{Upadhyay_2014,
	doi={10.1016/j.rser.2014.05.057},
	url={https://doi.org/10.1016/j.rser.2014.05.057},
	year=2014,
	month={11},
	publisher={Elsevier {BV}},
	volume={38},
	pages={47--63},
	author={Subho Upadhyay and M.P. Sharma},
	title={A review on configurations, control and sizing methodologies of hybrid energy systems},
	journal={Renewable and Sustainable Energy Reviews}
}

@article{Deshmukh_2008,
	doi={10.1016/j.rser.2006.07.011},
	url={https://doi.org/10.1016/j.rser.2006.07.011},
	year=2008,
	month={1},
	publisher={Elsevier {BV}},
	volume={12},
	number={1},
	pages={235--249},
	author={M.K. Deshmukh and S.S. Deshmukh},
	title={Modeling of hybrid renewable energy systems},
	journal={Renewable and Sustainable Energy Reviews}
}

@article{Zhang_2005,
	doi={10.1016/j.ejor.2003.08.037},
	url={https://doi.org/10.1016/j.ejor.2003.08.037},
	year=2005,
	month={1},
	publisher={Elsevier {BV}},
	volume={160},
	number={2},
	pages={501--514},
	author={G.Peter Zhang and Min Qi},
	title={Neural network forecasting for seasonal and trend time series},
	journal={European Journal of Operational Research}
}

@article{Kusakana_2013,
	doi={10.1016/j.renene.2012.09.045},
	url={https://doi.org/10.1016/j.renene.2012.09.045},
	year=2013,
	month={3},
	publisher={Elsevier {BV}},
	volume={51},
	pages={419--425},
	author={Kanzumba Kusakana and Herman Jacobus Vermaak},
	title={Hybrid renewable power systems for mobile telephony base stations in developing countries},
	journal={Renewable Energy}
}

@article{rosenblatt1958perceptron,
	title={The perceptron: a probabilistic model for information storage and organization in the brain.},
	author={Rosenblatt, Frank},
	journal={Psychological review},
	volume={65},
	number={6},
	pages={386},
	year={1958},
	publisher={American Psychological Association}
}

@article{elhadidy2000parametric,
	title={Parametric study of hybrid (wind+ solar+ diesel) power generating systems},
	author={Elhadidy, MA and Shaahid, SM},
	journal={Renewable energy},
	volume={21},
	number={2},
	pages={129--139},
	year={2000},
	publisher={Elsevier}
}

@article{ashari1999optimum,
	title={An optimum dispatch strategy using set points for a photovoltaic (PV)--diesel--battery hybrid power system},
	author={Ashari, Mochamad and Nayar, CV},
	journal={Solar energy},
	volume={66},
	number={1},
	pages={1--9},
	year={1999},
	publisher={Elsevier}
}

@article{tazvinga2014energy,
	title={Energy dispatch strategy for a photovoltaic--wind--diesel--battery hybrid power system},
	author={Tazvinga, Henerica and Zhu, Bing and Xia, Xiaohua},
	journal={Solar Energy},
	volume={108},
	pages={412--420},
	year={2014},
	publisher={Elsevier}
}

@article{gupta2011modelling,
	title={Modelling of hybrid energy system—Part II: Combined dispatch strategies and solution algorithm},
	author={Gupta, Ajai and Saini, RP and Sharma, MP},
	journal={Renewable Energy},
	volume={36},
	number={2},
	pages={466--473},
	year={2011},
	publisher={Elsevier}
}

@article{das2019performance,
	title={Performance analysis of a PV/Diesel hybrid system for a remote area in Bangladesh: Effects of dispatch strategies, batteries, and generator selection},
	author={Das, Barun K and Zaman, Forhad},
	journal={Energy},
	volume={169},
	pages={263--276},
	year={2019},
	publisher={Elsevier}
}

@article{hochreiter1997long,
	title={Long short-term memory},
	author={Hochreiter, Sepp and Schmidhuber, J{\"u}rgen},
	journal={Neural computation},
	volume={9},
	number={8},
	pages={1735--1780},
	year={1997},
	publisher={MIT Press}
}
